% Encoding: UTF-8


@article{hu2023design,
  author = {Hu, J. and Wen, B. and Burgos, R. and Fernandez-Mattos, R. and Mclean, A.},
  title = {Design of a Flying-Capacitor-Based Voltage Divider LLC Resonant Converter for USB-C PD Charger in Aircraft Applications},
  journal = {IEEE Transactions on Power Electronics},
  volume = {38},
  number = {8},
  pages = {9944-9960},
  year = {2023},
  doi = {10.1109/TPEL.2023.3270401}
}

@article{liu2023transient,
  author = {Liu, C. and Yang, J. and Tse, C. K. and Huang, M.},
  title = {Transient Synchronization Stability of Grid-Following Converters Considering Non-ideal Current Loop},
  journal = {IEEE Transactions on Power Electronics},
  volume = {38},
  number = {11},
  pages = {13757-13769},
  year = {2023},
  doi = {10.1109/TPEL.2023.3303447}
}

@inproceedings{ahmad2020concept,
  author = {Ahmad, I. and Fernandes, B. G.},
  title = {Concept of Universal USB Charger},
  booktitle = {2020 IEEE Industry Applications Society Annual Meeting},
  year = {2020},
  pages = {1-5},
  doi = {10.1109/IAS44978.2020.9334768}
}

@misc{usb_power_delivery,
  title = {USB Power Delivery},
  organization = {Universal Serial Bus Implementers Forum, Inc.},
  year = {2024}
}

@misc{usb_3.2_products,
  title = {USB 3.2 products: USB 3.0 Adopters Agreement and USB Power Delivery Specification Adopters Agreement},
  year = {Year of publication (if available)}
}

@article{enos2022primer,
  author = {Enos, N. and Gosselin, B.},
  title = {A Primer on USB Type-C® and USB Power Delivery Applications and Requirements},
  journal = {Texas Instruments Application Report},
  number = {SLYY109B},
  year = {2022},
  url = {https://www.ti.com/lit/an/slyy109b/slyy109b.pdf}
}

@book{billings1999switchmode,
  author = {Billings, Keith},
  title = {Switchmode Power Supply Handbook},
  edition = {Second},
  publisher = {McGraw-Hill},
  year = {1999},
  isbn = {0-07-006719-8}
}

@techreport{ti_lm1084,
  author = {{Texas Instruments}},
  title = {{LM1084 5A Low Dropout Positive Regulators}},
  number = {SNVS037H},
  year = {1999},
  month = {September},
  url = {https://www.ti.com/lit/ds/symlink/lm1084.pdf}
}

@techreport{robertson2010thermal,
  author = {Robertson, M.},
  title = {Measuring the Thermal Impedance of LDOs in Situ},
  institution = {Texas Instruments},
  number = {SLVA422},
  year = {2010},
  month = {July}
}

@techreport{lee1999ldo,
  author = {Lee, B. S.},
  title = {Technical Review of Low Dropout Voltage Regulator Operation and Performance},
  institution = {Texas Instruments},
  number = {SLVA072},
  year = {1999},
  month = {August}
}

@techreport{ti_ldo_theory,
  author = {{Texas Instruments}},
  title = {Fundamental Theory of PMOS Low-Dropout Voltage Regulators},
  number = {SLVA068A},
  year = {2018},
  month = {August}
}

@techreport{ti_linear_regulators,
  author = {{Texas Instruments}},
  title = {AN-1148 Linear Regulators: Theory of Operation and Compensation},
  number = {SNVA020B},
  year = {2013},
  month = {May}
}

@techreport{infineon_usb_ccg2,
  author = {{Infineon Technologies AG}},
  title = {Designing USB 3.1 Type-C Cables Using EZ-PD™ CCG2},
  institution = {Application Note AN95615},
  number = {Rev. *E},
  year = {2021},
  month = {February},
  day = {25}
}

@misc{renesas_usb_pd,
  author = {{Renesas Electronics}},
  title = {USB Power Delivery: Enhanced Convenience in USB Charging},
  url = {https://www.renesas.com/us/en/support/engineer-school/usb-power-delivery-04-r9j02g012-raa230161}
}

@misc{usb_if_usb_charger,
  title = {USB Charger (USB Power Delivery)},
  organization = {USB-IF},
  url = {https://www.usb.org/usbc}
}

@online{Truechip2024,
    title={USB Type-C and Power Delivery (The Evolution of USB)},
    url={https://www.truechip.net/blog-details/usb-type-c-and-power-delivery-the-evolution-of-usb/},
    year={2024},
    organization={Truechip}
}




@Book{Razavi2000,
  author    = {Behzad Razavi},
  title     = {Design of Analog CMOS Integrated Circuits},
  year      = {2000},
  publisher = {McGraw-Hill Education},
  isbn      = {978-0072380323},
}
@Comment{jabref-meta: databaseType:biblatex;}
